@inproceedings{Wolfe2010,
author = {Wolfe, Britton and James, Michael R. and Singh, Satinder},
booktitle = {Proceedings of the 13th International IEEE Conference on Intelligent Transportation Systems},
title = {{Modeling Multiple-mode Systems with Predictive State Representations}},
year = {2010}
}
@inproceedings{Wolfe2005,
author = {Wolfe, Alicia P. and Barto, Andrew G.},
booktitle = {ICML},
pages = {816--823},
title = {{Identifying useful subgoals in reinforcement learning by local graph partitioning}},
year = {2005}
}
@inproceedings{Walsh2010,
author = {Walsh, TJ and Subramanian, K and Littman, ML},
booktitle = {ICML},
title = {{Generalizing Apprenticeship Learning across Hypothesis Classes}},
year = {2010}
}
@inproceedings{Konidaris,
author = {Konidaris, George and Kuindersma, Scott and Grupen, Roderic and Barto, Andrew},
journal = {RSS 2011 Workshop on Mobile Manipulation: Learning to Manipulate},
pages = {5--7},
title = {{Acquiring Transferrable Mobile Manipulation Skills}}
}
@article{Rad2010,
author = {Rad, Ali Ajdari and Hasler, Martin},
journal = {Sciences-New York},
pages = {697--700},
title = {{Automatic Skill Acquisition in Reinforcement Learning using Connection Graph Stability Centrality}},
year = {2010}
}
@inproceedings{Sutton1998,
author = {Sutton, RS and Precup, D and Singh, S},
booktitle = {ICML},
pages = {556--564},
title = {{Intra-option learning about temporally abstract actions}},
year = {1998}
}
@inproceedings{Sprague,
author = {Sprague, Nathan and Ballard, Dana},
booktitle = {IJCAI},
year=2003,
title = {{Multiple-Goal Reinforcement Learning with Modular Sarsa ( 0 )}}
}
@inproceedings{Boyan1995,
author = {Boyan, Justin A. and Moore, Andrew W.},
booktitle = {NIPS},
title = {{Generalization in reinforcement learning: Safely approximating the value function}},
year = {1995}
}
@article{Boyan2002,
author = {Boyan, JA},
journal = {Machine Learning},
number = {1988},
pages = {233--246},
title = {{Technical update: Least-squares temporal difference learning}},
year = {2002}
}
@article{Medus2005,
author = {Medus, a. and Acu\~{n}a, G. and Dorso, C.O.},
journal = {Physica A: Statistical Mechanics and its Applications},
number = {2-4},
pages = {593--604},
title = {{Detection of community structures in networks via global optimization}},
volume = {358},
year = {2005}
}
@article{Raghavan2007,
author = {Raghavan, UN and Albert, R and Koumara, S},
journal = {Physical Review E},
pages = {1--12},
title = {{Near linear time algorithm to detect community structures in large-scale networks}},
year = {2007}
}
@article{Brandes2001,
author = {Brandes, Ulrik},
journal = {Journal of Mathematical Sociology},
number = {1994},
pages = {163--177},
title = {{A faster algorithm for betweenness centrality}},
volume = {25},
year = {2001}
}
@phdthesis{Watkins1989,
author = {Watkins, C},
school = {Cambridge University, England},
title = {{Learning from Delayed Rewards}},
year = {1989}
}
@inproceedings{Meisner2010,
author = {Meisner, Eric and Das, Sanmay and Isler, Volkan and Trinkle, Jeff and Caporael, Linnda R.},
booktitle = {IEEE Internation Conference on Robotics and Automation (ICRA)},
pages = {178--185},
title = {{Predictive State Representations for Grounding Human-Robot Communication}},
year = {2010}
}
@inproceedings{Konidaris2009,
author = {Konidaris, George and Barto, Andrew G.},
booktitle = {NIPS},
pages = {1015--1023},
title = {{Skill discovery in continuous reinforcement learning domains using skill chaining}},
volume = {22},
year = {2009}
}
@inproceedings{Kazemitabar2009,
author = {Kazemitabar, Seyed Jalal and Beigy, Hamid},
booktitle = {Proceedings of the 6th International Symposium on Neural Networks on Advances in Neural Networks},
pages = {794--803},
title = {{Using Strongly Connected Components as a Basis for Autonomous Skill Acquisition in}},
year = {2009}
}
@inproceedings{Xuan2007,
author = {Xuan, Xiang and Murphy, Kevin},
booktitle = {ICML},
pages = {1055--1062},
title = {{Modeling changing dependency structure in multivariate time series}},
year = {2007}
}
@inproceedings{Niv2005,
author = {Niv, Yael and Daw, Nathaniel D and Dayan, Peter},
booktitle = {NIPS},
pages = {1019--1026},
title = {{How fast to work: Response vigor, motivation and tonic dopamine}},
year = {2005}
}
@article{Hester2011,
author = {Hester, Todd and Quinlan, Michael and Stone, Peter},
journal = {Learning},
title = {{A Real-Time Model-Based Reinforcement Learning Architecture for Robot Control}},
year = {2011}
}
@inproceedings{Walsh2011,
booktitle = {NIPS},
pages = {2258--2266},
title = {{Blending Autonomous Exploration and Apprenticeship Learning}},
year = {2011}
}
@article{Bhat2006,
author = {Bhat, Sooraj and Isbell, CL},
journal = {AAAI},
title = {{On the difficulty of modular reinforcement learning for real-world partial programming}},
year = {2006}
}
@inproceedings{Sayedi2010,
author = {Sayedi, Amin and Zadimoghaddam, Morteza and Blum, Avrim},
booktitle = {NIPS},
pages = {2092--2100},
title = {{Trading off Mistakes and Don't-Know Predictions}},
year = {2010}
}
@inproceedings{Maclin1996,
author = {Maclin, Richard and Shavlik, Jude W.},
booktitle = {ICML},
pages = {251--281},
title = {{Creating Advice-Taking Reinforcement Learners}},
year = {1996}
}
@inproceedings{Barto2009,
author = {Simsek, Ozgur and Barto, Andrew G.},
booktitle = {NIPS},
pages = {1--8},
title = {{Skill characterization based on betweenness}},
year = {2009}
}
@inproceedings{Wolfe2006,
author = {Wolfe, Britton and Singh, Satinder},
booktitle = {ICML},
pages = {1025--1032},
title = {{Predictive State Representations with Options}},
year = {2006}
}
@inproceedings{Cordasco2010,
author = {Cordasco, G. and Gargano, L.},
booktitle = {Business Applications of Social Network Analysis (BASNA), 2010 IEEE International Workshop on},
pages = {1 --8},
title = {{Community detection via semi-synchronous label propagation algorithms}},
year = {2010}
}
@article{Konidaris2011,
author = {Konidaris, G. and Kuindersma, S. and Grupen, R. and Barto, A.},
journal = {The International Journal of Robotics Research},
number = {3},
pages = {360--375},
title = {{Robot learning from demonstration by constructing skill trees}},
volume = {31},
year = {2011}
}
@article{Bradtke1996,
author = {Bradtke, Steven J. and Barto, Andrew G.},
journal = {Machine Learning},
pages = {33--57},
title = {{Linear least-squares algorithms for temporal difference learning}},
volume = {57},
year = {1996}
}
@inproceedings{Rosencrantz2004,
author = {Rosencrantz, Matthew and Gordon, Geoff and Thrun, Sebastian},
booktitle = {ICML},
pages = {695--702},
title = {{Learning Low Dimensional Predictive Representations}},
year = {2004}
}
@article{Sutton1999,
author = {Sutton, Richard S and Precup, Doina and Singh, Satinder},
journal = {Artificial Intelligence},
number = {1-2},
pages = {181--211},
title = {{Between MDPs and semi-MDPs: A framework for temporal abstraction in reinforcement learning}},
volume = {112},
year = {1999}
}
@inproceedings{Sorg2010,
author = {Sorg, Jonathan and Singh, Satinder P.},
booktitle = {AAMAS},
pages = {31--38},
title = {{Linear Options}},
year = {2010}
}
@article{Paduraru1999,
author = {Paduraru, Cosmin and Bulitko, Vadim},
journal = {Computing},
title = {{Supervised Learning of Options : A Pilot Study}},
year = {1999}
}
@article{Mcgovern2001,
author = {McGovern, Amy and Barto, Andrew G},
journal = {Machine Learning},
title = {{Automatic Discovery of Subgoals in Reinforcement Learning using Diverse Density}},
year = {2001}
}
@article{Newman2004,
author = {Newman, M. and Girvan, M.},
journal = {Physical Review E},
number = {2},
pages = {1--15},
title = {{Finding and evaluating community structure in networks}},
volume = {69},
year = {2004}
}
@article{Lagoudakis2003,
author = {Lagoudakis, MG},
journal = {The Journal of Machine Learning Research},
keywords = {approximate policy,iteration,least-squares methods,markov decision processes,reinforcement learning,value-function approximation},
pages = {1107--1149},
title = {{Least-squares policy iteration}},
volume = {4},
year = {2003}
}
@article{Dayan1992,
author = {Dayan, Peter},
journal = {Machine Learning},
number = {3},
pages = {279--292},
title = {{Technical Note Q , -Learning}},
volume = {292},
year = {1992}
}
@inproceedings{Mannor2004,
author = {Mannor, Shie and Menache, Ishai and Hoze, Amit and Klein, Uri},
booktitle = {ICML},
pages = {71},
publisher = {ACM Press},
title = {{Dynamic abstraction in reinforcement learning via clustering}},
year = {2004}
}
@article{Nouri2010,
author = {Nouri, Ali and Littman, Michael L.},
journal = {Machine Learning},
number = {1},
pages = {85--98},
title = {{Dimension reduction and its application to model-based exploration in continuous spaces}},
volume = {81},
year = {2010}
}
@article{Barto2002,
author = {Barto, Andrew G},
journal = {Learning},
title = {{Using Relative Novelty to Identify Useful Temporal Abstractions in Reinforcement Learning}},
year = {2002}
}
@article{Subramanian2011,
author = {Subramanian, Kaushik and Isbell, Charles L and Thomaz, Andrea L},
journal = {Learning},
title = {{Learning Options through Human Interaction College of Computing}},
year = {2011}
}
@inproceedings{Dietterich1998,
author = {Dietterich, TG},
booktitle = {Fifteenth International Conference on Machine Learning},
publisher = {Morgan Kaufman},
title = {{The MAXQ method for hierarchical reinforcement learning}},
year = {1998}
}
@article{Boots2011,
author = {Boots, B. and Siddiqi, S. M. and Gordon, G. J.},
journal = {The International Journal of Robotics Research},
number = {7},
pages = {954--966},
title = {{Closing the learning-planning loop with predictive state representations}},
volume = {30},
year = {2011}
}
@inproceedings{Quigley2009,
author = {Quigley, Morgan and Conley, Ken and Gerkey, Brian},
booktitle = {ICRA Workshop on Open Source Software},
title = {{ROS: an open-source Robot Operating System}},
year = {2009}
}
@inproceedings{Parr2008,
author = {Parr, Ronald and Li, Lihong and Taylor, Gavin and Painter-Wakefield, Christopher and Littman, Michael L.},
booktitle = {Proceedings of the 25th international conference on Machine learning - ICML '08},
pages = {752--759},
title = {{An analysis of linear models, linear value-function approximation, and feature selection for reinforcement learning}},
year = {2008}
}
@inproceedings{Comanici2000,
author = {Comanici, Gheorghe and Precup, Doina},
booktitle = {Proc of. 9th Int. Conf. on Autonomous Agents and Multiagent Systems (AAMAS 2010)},
pages = {709--714},
title = {{Optimal Policy Switching Algorithms for Reinforcement Learning}},
year = {2000}
}
@article{Pang2009,
author = {Pang, Sheng and Chen, Changjia and Wei, Ting},
journal = {2009 Third International Symposium on Intelligent Information Technology Application},
pages = {459--462},
publisher = {Ieee},
title = {{A Realtime Clique Detection Algorithm: Time-Based Incremental Label Propagation}},
year = {2009}
}
@article{Nguyen2011,
author = {Nguyen, Nam P and Dinh, Thang N and Xuan, Ying and Thai, My T},
journal = {Science},
pages = {2282--2290},
title = {{Adaptive Algorithms for Detecting Community Structure in Dynamic Social Networks}},
year = {2011}
}
@article{Simsek2008,
author = {Simsek, O},
journal = {Learning},
title = {{Behavioral building blocks for autonomous agents: Description, identification, and learning}},
year = {2008}
}
@inproceedings{Menache2002,
author = {Menache, Ishai and Mannor, Shie and Shimkin, Nahum},
booktitle = {Proceedings of the 13th European Conference on Machine Learning},
pages = {295----306},
publisher = {Springer-Verlag},
title = {{Q-Cut - Dynamic Discovery of Sub-Goals in Reinforcement Learning}},
year = {2002}
}
@inproceedings{Stolle2002,
author = {Stolle, Martin and Precup, Doina},
booktitle = {Symposium on Abstraction, Reformulation, and Approximation},
pages = {212--223},
publisher = {Springer},
title = {{Learning options in reinforcement learning}},
year = {2002}
}
@article{Tanner2009,
author = {Tanner, Brian and White, Adam},
journal = {Journal of Machine Learning Research},
pages = {2133--2136},
title = {{RL-Glue : Language-Independent Software for Reinforcement-Learning Experiments}},
volume = {10},
year = {2009}
}
@inproceedings{Konidaris2011b,
author = {Konidaris, George and Osentoski, Sarah and Thomas, Philip},
booktitle = {AAAI},
pages = {380--385},
title = {{Value Function Approximation in Reinforcement Learning using the Fourier Basis}},
year = {2011}
}
@article{Mahadevan2007,
author = {Mahadevan, Sridhar},
journal = {Journal of Machine Learning Research},
pages = {2169--2231},
title = {{Proto-value Functions : A Laplacian Framework for Learning Representation and Control in Markov Decision Processes}},
volume = {8},
year = {2007}
}
@article{Csardi2006,
author = {Csardi, Gabor and Nepusz, Tamas},
journal = {International Journal of Complex Systems},
title = {{The igraph software package for complex network research}},
year = {2006}
}
@inproceedings{Dasgupta2008,
author = {Dasgupta, Sanjoy and Freund, Yoav},
booktitle = {STOC},
title = {{Random projection trees and low dimensional manifolds}},
year = {2008}
}
@inproceedings{Mathew2012,
author = {Mathew, Vimal and Peeyush, Kumar and Ravindran, Balaraman},
booktitle = {EWRL},
pages = {1--14},
title = {{Abstraction in Reinforcement Learning in Terms of Metastability}},
year = {2012}
}
@techreport{Weber2004,
address = {Berlin},
author = {Weber, Marcus and Rungsarityotin, Wasinee and Schliep, Alexander},
institution = {Zuse Institute Berlin ZIB},
number = {November},
title = {{Perron Cluster Analysis and Its Connection to Graph Partitioning for Noisy Data}},
volume = {39},
year = {2004}
}

@book{Ross1983,
    author = {Ross, Sheldon},
    publisher = {New York - London etc.: Academic Press.},
    series = {Probability and Mathematical Statistics.},
    title = {{Introduction to stochastic dynamic programming.}},
    year = {1983}
}

@phdthesis{Sutton1984,
 author = {Sutton, Richard Stuart},
 title = {Temporal credit assignment in reinforcement learning},
 year = {1984},
 publisher = {University of Massachusetts Amherst},
}

@book{SuttonBarto1998,
    author = {Sutton, Richard S. and Barto, Andrew G.},
    howpublished = {Hardcover},
    isbn = {0262193981},
    publisher = {MIT Press},
    address = {Cambridge, Massachusetts},
    title = {{Reinforcement Learning: An Introduction (Adaptive Computation and Machine Learning)}},
    year = {1998}
}

@book{Csaba2010,
  author    = {Csaba Szepesv{\'a}ri},
  title     = {Algorithms for Reinforcement Learning},
  booktitle = {Algorithms for Reinforcement Learning},
  publisher = {Morgan {\&} Claypool Publishers},
  series    = {Synthesis Lectures on Artificial Intelligence and Machine
               Learning},
  year      = {2010},
  ee        = {http://dx.doi.org/10.2200/S00268ED1V01Y201005AIM009},
}
@article{Tesauro1995,
 author = {Tesauro, Gerald},
 title = {Temporal difference learning and TD-Gammon},
 journal = {Commun. ACM},
 issue_date = {March 1995},
 volume = {38},
 number = {3},
 month = mar,
 year = {1995},
 issn = {0001-0782},
 pages = {58--68},
 numpages = {11},
 doi = {10.1145/203330.203343},
 publisher = {ACM},
 address = {New York, NY, USA},
}
@article{Tsitsiklis1997,
    author = {Tsitsiklis, J. N. and Van Roy, B.},
    booktitle = {Automatic Control, IEEE Transactions on},
    doi = {10.1109/9.580874},
    journal = {Automatic Control, IEEE Transactions on},
    number = {5},
    pages = {674--690},
    title = {{An analysis of temporal-difference learning with function approximation}},
    volume = {42},
    year = {1997}
}
@article{Sugiyama2008,
  author    = {Masashi Sugiyama and
               Hirotaka Hachiya and
               Christopher Towell and
               Sethu Vijayakumar},
  title     = {Geodesic Gaussian kernels for value function approximation},
  journal   = {Auton. Robots},
  volume    = {25},
  number    = {3},
  year      = {2008},
  pages     = {287-304},
  ee        = {http://dx.doi.org/10.1007/s10514-008-9095-6},
  bibsource = {DBLP, http://dblp.uni-trier.de}
}
@inproceedings{Parr1997,
  author    = {Ronald Parr and
               Stuart J. Russell},
  title     = {Reinforcement Learning with Hierarchies of Machines},
  booktitle = {NIPS},
  year      = {1997},
  crossref  = {DBLP:conf/nips/1997},
  bibsource = {DBLP, http://dblp.uni-trier.de}
}
@proceedings{DBLP:conf/nips/1997,
  editor    = {Michael I. Jordan and
               Michael J. Kearns and
               Sara A. Solla},
  title     = {Advances in Neural Information Processing Systems 10, [NIPS
               Conference, Denver, Colorado, USA, 1997]},
  booktitle = {NIPS},
  publisher = {The MIT Press},
  year      = {1998},
  isbn      = {0-262-10076-2},
  bibsource = {DBLP, http://dblp.uni-trier.de}
}
@inproceedings{Hauskrecht1998,
  author    = {Milos Hauskrecht and
               Nicolas Meuleau and
               Leslie Pack Kaelbling and
               Thomas L. Dean and
               Craig Boutilier},
  title     = {Hierarchical Solution of Markov Decision Processes using
               Macro-actions},
  booktitle = {UAI},
  year      = {1998},
  pages     = {220-229},
  ee        = {http://uai.sis.pitt.edu/displayArticleDetails.jsp?mmnu=1{\&}smnu=2{\&}article_id=251{\&}proceeding_id=14},
  crossref  = {DBLP:conf/uai/1998},
  bibsource = {DBLP, http://dblp.uni-trier.de}
}
@proceedings{DBLP:conf/uai/1998,
  editor    = {Gregory F. Cooper and
               Seraf\'{\i}n Moral},
  title     = {UAI '98: Proceedings of the Fourteenth Conference on Uncertainty
               in Artificial Intelligence, University of Wisconsin Business
               School, Madison, Wisconsin, USA, July 24-26, 1998},
  booktitle = {UAI},
  publisher = {Morgan Kaufmann},
  year      = {1998},
  isbn      = {1-55860-555-X},
  bibsource = {DBLP, http://dblp.uni-trier.de}
}
@mastersthesis{StolleThesis2004,
    author    = "Martin Stolle",
    title     = "Automated Discovery of Options in Reinforcement Learning",
    school    = "McGill University",
    type      = "Master's thesis",
    year      = "2004",
    month     = "February",
}
@article{Fikes1972,
  author    = {Richard Fikes and
               Peter E. Hart and
               Nils J. Nilsson},
  title     = {Learning and Executing Generalized Robot Plans},
  journal   = {Artif. Intell.},
  volume    = {3},
  number    = {1-3},
  year      = {1972},
  pages     = {251-288},
  ee        = {http://dx.doi.org/10.1016/0004-3702(72)90051-3},
  bibsource = {DBLP, http://dblp.uni-trier.de}
}
@inproceedings{Bradtke1994,
  author    = {Steven J. Bradtke and
               Michael O. Duff},
  title     = {Reinforcement Learning Methods for Continuous-Time Markov
               Decision Problems},
  booktitle = {NIPS},
  year      = {1994},
  pages     = {393-400},
  ee        = {http://nips.djvuzone.org/djvu/nips07/0393.djvu},
  crossref  = {DBLP:conf/nips/1994},
  bibsource = {DBLP, http://dblp.uni-trier.de}
}
@proceedings{DBLP:conf/nips/1994,
  editor    = {Gerald Tesauro and
               David S. Touretzky and
               Todd K. Leen},
  title     = {Advances in Neural Information Processing Systems 7, [NIPS
               Conference, Denver, Colorado, USA, 1994]},
  booktitle = {NIPS},
  publisher = {MIT Press},
  year      = {1995},
  bibsource = {DBLP, http://dblp.uni-trier.de}
}
@book{Puterman1994,
 author = {Puterman, Martin L.},
 title = {Markov Decision Processes: Discrete Stochastic Dynamic Programming},
 year = {1994},
 isbn = {0471619779},
 edition = {1st},
 publisher = {John Wiley \& Sons, Inc.},
 address = {New York, NY, USA},
}
@phdthesis{Parr1998,
 author = {Parr, Ronald Edward},
 title = {Hierarchical control and learning for markov decision processes},
 year = {1998},
 isbn = {0-591-99304-X},
 publisher = {University of California, Berkeley},
}
@inproceedings{Mcgovern97,
    author = {Amy Mcgovern and Richard S. Sutton and Andrew H. Fagg},
    title = {Roles of Macro-Actions in Accelerating Reinforcement Learning},
    booktitle = {In Grace Hopper Celebration of Women in Computing},
    year = {1997},
    pages = {13--18}
}
@article{Korf1985,
 author = {Korf, Richard E.},
 title = {Macro-operators:  a weak method for learning},
 journal = {Artif. Intell.},
 issue_date = {April 1985},
 volume = {26},
 number = {1},
 month = apr,
 year = {1985},
 issn = {0004-3702},
 pages = {35--77},
 numpages = {43},
 url = {http://dx.doi.org/10.1016/0004-3702(85)90012-8},
 doi = {10.1016/0004-3702(85)90012-8},
 acmid = {3517},
 publisher = {Elsevier Science Publishers Ltd.},
 address = {Essex, UK},
}
@article{Dietterich1999,
  author    = {Thomas G. Dietterich},
  title     = {Hierarchical Reinforcement Learning with the MAXQ Value
               Function Decomposition},
  journal   = {CoRR},
  volume    = {cs.LG/9905014},
  year      = {1999},
  ee        = {http://arxiv.org/abs/cs.LG/9905014},
  bibsource = {DBLP, http://dblp.uni-trier.de}
}
@inproceedings{Maei2010,
  author    = {Hamid Reza Maei and
               Richard S. Sutton},
  title = {GQ($\lambda$): A general gradient algorithm for temporal-difference
prediction learning with eligibility traces},
  booktitle = {Proceedings of the Third Conference on Artificial General Intelligence},
  year = {2010}
}
@inproceedings{Sutton2009,
  author    = {Richard S. Sutton and
               Hamid Reza Maei and
               Doina Precup and
               Shalabh Bhatnagar and
               David Silver and
               Csaba Szepesv{\'a}ri and
               Eric Wiewiora},
  title     = {Fast gradient-descent methods for temporal-difference learning
               with linear function approximation},
  booktitle = {ICML},
  year      = {2009},
  pages     = {125},
  ee        = {http://doi.acm.org/10.1145/1553374.1553501},
  crossref  = {DBLP:conf/icml/2009},
  bibsource = {DBLP, http://dblp.uni-trier.de}
}
@proceedings{DBLP:conf/icml/2009,
  editor    = {Andrea Pohoreckyj Danyluk and
               L{\'e}on Bottou and
               Michael L. Littman},
  title     = {Proceedings of the 26th Annual International Conference
               on Machine Learning, ICML 2009, Montreal, Quebec, Canada,
               June 14-18, 2009},
  booktitle = {ICML},
  publisher = {ACM},
  series    = {ACM International Conference Proceeding Series},
  volume    = {382},
  year      = {2009},
  isbn      = {978-1-60558-516-1},
  bibsource = {DBLP, http://dblp.uni-trier.de}
}
@inproceedings{Precup2001,
  author    = {Doina Precup and
               Richard S. Sutton and
               Sanjoy Dasgupta},
  title     = {Off-Policy Temporal Difference Learning with Function Approximation},
  booktitle = {ICML},
  year      = {2001},
  pages     = {417-424},
  crossref  = {DBLP:conf/icml/2001},
  bibsource = {DBLP, http://dblp.uni-trier.de}
}
@proceedings{DBLP:conf/icml/2001,
  editor    = {Carla E. Brodley and
               Andrea Pohoreckyj Danyluk},
  title     = {Proceedings of the Eighteenth International Conference on
               Machine Learning (ICML 2001), Williams College, Williamstown,
               MA, USA, June 28 - July 1, 2001},
  publisher = {Morgan Kaufmann},
  year      = {2001},
  isbn      = {1-55860-778-1},
  bibsource = {DBLP, http://dblp.uni-trier.de}
}

